<?xml version="1.0" encoding="UTF-8"?><collection xmlns="http://www.loc.gov/MARC21/slim"><record><leader>00514nam--2200181-i-4500</leader><controlfield tag="001">000024846</controlfield><controlfield tag="002">20161230</controlfield><controlfield tag="005">20161230201035</controlfield><controlfield tag="008">060222s1000------------r-----000-0-eng-d</controlfield><datafield ind1=" " ind2=" " tag="040"><subfield code="a">IFIN-HH</subfield></datafield><datafield ind1=" " ind2=" " tag="080"><subfield code="a">53.02(042)</subfield></datafield><datafield ind1="1" ind2=" " tag="100"><subfield code="a">Hermann, Robert</subfield></datafield><datafield ind1="1" ind2="0" tag="245"><subfield code="a">Lectures in mathematical physics.vol. ii</subfield><subfield code="c">Robert hermann</subfield></datafield><datafield ind1=" " ind2=" " tag="260"><subfield code="a">Reading, Massachusetts</subfield><subfield code="b">W.A.Benjamin, Inc</subfield><subfield code="c">1972</subfield></datafield><datafield ind1=" " ind2=" " tag="300"><subfield code="a">XVIII + 749 P</subfield></datafield><datafield ind1=" " ind2=" " tag="490"><subfield code="a">Mathematics Lecture Note Series</subfield></datafield><datafield ind1=" " ind2=" " tag="852"><subfield code="a">37813</subfield><subfield code="c">53.02</subfield></datafield><datafield ind1=" " ind2=" " tag="CAT"><subfield code="a">Sys</subfield><subfield code="c">20151021</subfield><subfield code="h">113425</subfield></datafield></record></collection>